@book{braga2000redes,
  title={Redes neurais artificiais: teoria e aplica{\c{c}}{\~o}es},
  author={Braga, A de P and Carvalho, APLF and Ludermir, Teresa Bernarda},
  year={2000},
  publisher={Livros T{\'e}cnicos e Cient{\'\i}ficos Rio de Janeiro}
}

@book{kovacs2002redes,
  title={Redes neurais artificiais},
  author={Kov{\'a}cs, Zsolt L{\'a}szl{\'o}},
  year={2002},
  publisher={Editora Livraria da Fisica}
}

@book{mora2016continuum,
  title={Continuum: Como Funciona o C{\'e}rebro?},
  author={Mora, Francisco},
  year={2016},
  publisher={Artmed Editora}
}